<record xmlns="http://www.loc.gov/MARC21/slim" xmlns:xsi="http://www.w3.org/2001/XMLSchema-instance" xsi:schemaLocation="http://www.loc.gov/MARC21/slim http://www.loc.gov/standards/marcxml/schema/MARC21slim.xsd">

  <leader>00688nam a2200169Ia 4500</leader>
  <datafield ind1=" " ind2=" " tag="999">
    <subfield code="c">613</subfield>
    <subfield code="d">613</subfield>
  </datafield>
  <controlfield tag="008">170313b2011    cr ||||| |||| 00| | spa d</controlfield>
  <datafield ind1=" " tag="020" ind2=" ">
    <subfield code="a">9789968536288</subfield>
  </datafield>
  <datafield ind2=" " tag="090" ind1=" ">
    <subfield code="a">05.05.03 </subfield>
    <subfield code="b">2033 CD #216</subfield>
  </datafield>
  <datafield tag="100" ind2=" " ind1="1">
    <subfield code="a">Abarca Molina, Karla María</subfield>
    <subfield code="9">2022</subfield>
  </datafield>
  <datafield ind1="1" ind2="0" tag="245">
    <subfield code="a">Aplicabilidad de la música en el aula para la atención de los problemas emocionales / </subfield>
    <subfield code="c">Karla María Abarca Molina</subfield>
  </datafield>
  <datafield tag="260" ind2=" " ind1=" ">
    <subfield code="a">San José, Costa Rica : </subfield>
    <subfield code="b">Editorial Arboleda, </subfield>
    <subfield code="c">2011</subfield>
  </datafield>
  <datafield tag="300" ind2=" " ind1=" ">
    <subfield code="a">108 páginas.</subfield>
  </datafield>
  <datafield ind1=" " ind2=" " tag="500">
    <subfield code="a">Incluye CD#216 con 11 obras musicales de Víctor Salazar Medina; Daniel Sandí Calderón y Bach. Nelly Sánchez Fernández- piano</subfield>
  </datafield>
  <datafield tag="650" ind2="4" ind1="1">
    <subfield code="a">MÚSICA</subfield>
    <subfield code="9">13</subfield>
  </datafield>
  <datafield ind2="4" tag="650" ind1="1">
    <subfield code="a">MUSICOTERAPIA</subfield>
    <subfield code="9">2026</subfield>
  </datafield>
  <datafield ind1=" " tag="942" ind2=" ">
    <subfield code="2">z</subfield>
    <subfield code="c">01</subfield>
  </datafield>
</record>